@article{Golab:2010,
	author={Lukasz Golab, M. Tamer \"{O}zsu},
	title={Data Stream Management},
	series={Synthesis Lectures on Data Management},
	publisher = {Morgan & Claypool},
	year={2010}
}

@inproceedings{Babcock:2002,
 author = {Babcock, Brian and Babu, Shivnath and Datar, Mayur and Motwani, Rajeev and Widom, Jennifer},
 title = {Models and Issues in Data Stream Systems},
 booktitle = {Proceedings of the Twenty-first ACM SIGMOD-SIGACT-SIGART Symposium on Principles of Database Systems},
 series = {PODS '02},
 year = {2002},
 isbn = {1-58113-507-6},
 location = {Madison, Wisconsin},
 pages = {1--16},
 numpages = {16},
 url = {http://doi.acm.org/10.1145/543613.543615},
 doi = {10.1145/543613.543615},
 acmid = {543615},
 publisher = {ACM},
 address = {New York, NY, USA}
} 

@article{Ghanem:2008,
 author = {Ghanem, Thanaa M. and Elmagarmid, Ahmed K. and Larson, Per-\AAke and Aref, Walid G.},
 title = {Supporting Views in Data Stream Management Systems},
 journal = {ACM Trans. Database Syst.},
 issue_date = {February 2010},
 volume = {35},
 number = {1},
 month = feb,
 year = {2008},
 issn = {0362-5915},
 pages = {1:1--1:47},
 articleno = {1},
 numpages = {47},
 url = {http://doi.acm.org/10.1145/1670243.1670244},
 doi = {10.1145/1670243.1670244},
 acmid = {1670244},
 publisher = {ACM},
 address = {New York, NY, USA},
 keywords = {Data streams, expression matching, incremental evaluation, query language, views}
} 

@article{Arasu:2006,
 author = {Arasu, Arvind and Babu, Shivnath and Widom, Jennifer},
 title = {The CQL Continuous Query Language: Semantic Foundations and Query Execution},
 journal = {The VLDB Journal},
 issue_date = {June 2006},
 volume = {15},
 number = {2},
 month = jun,
 year = {2006},
 issn = {1066-8888},
 pages = {121--142},
 numpages = {22},
 url = {http://dx.doi.org/10.1007/s00778-004-0147-z},
 doi = {10.1007/s00778-004-0147-z},
 acmid = {1146463},
 publisher = {Springer-Verlag New York, Inc.},
 address = {Secaucus, NJ, USA},
 keywords = {Continuous queries, Data streams, Query language, Query processing}
} 


@article{Arasu:2004,
 author = {Arasu, Arvind and Widom, Jennifer},
 title = {A Denotational Semantics for Continuous Queries over Streams and Relations},
 journal = {SIGMOD Rec.},
 issue_date = {September 2004},
 volume = {33},
 number = {3},
 month = sep,
 year = {2004},
 issn = {0163-5808},
 pages = {6--11},
 numpages = {6},
 url = {http://doi.acm.org/10.1145/1031570.1031572},
 doi = {10.1145/1031570.1031572},
 acmid = {1031572},
 publisher = {ACM},
 address = {New York, NY, USA}
} 


@article{Kramer:2009,
 author = {Kr\"{a}mer, J\"{u}rgen and Seeger, Bernhard},
 title = {Semantics and Implementation of Continuous Sliding Window Queries over Data Streams},
 journal = {ACM Trans. Database Syst.},
 issue_date = {April 2009},
 volume = {34},
 number = {1},
 month = apr,
 year = {2009},
 issn = {0362-5915},
 pages = {4:1--4:49},
 articleno = {4},
 numpages = {49},
 url = {http://doi.acm.org/10.1145/1508857.1508861},
 doi = {10.1145/1508857.1508861},
 acmid = {1508861},
 publisher = {ACM},
 address = {New York, NY, USA},
 keywords = {Semantics, continuous queries, data streams, query optimization}
} 



@incollection{Cher:2009,
year={2009},
isbn={978-0-387-35544-3},
booktitle={Encyclopedia of Database Systems},
editor={LIU, LING and \"{O}ZSU, M.TAMER},
doi={10.1007/978-0-387-39940-9_368},
title={Stream-Oriented Query Languages and Operators},
url={http://dx.doi.org/10.1007/978-0-387-39940-9_368},
publisher={Springer US},
author={Cherniack, Mitch and Zdonik, Stan},
pages={2848-2854},
language={English}
}


@article{Dindar:2013,
 author = {Dindar, Nihal and Tatbul, Nesime and Miller, Ren{\'e}e J. and Haas, Laura M. and Botan, Irina},
 title = {Modeling the Execution Semantics of Stream Processing Engines with SECRET},
 journal = {The VLDB Journal},
 issue_date = {August    2013},
 volume = {22},
 number = {4},
 month = aug,
 year = {2013},
 issn = {1066-8888},
 pages = {421--446},
 numpages = {26},
 url = {http://dx.doi.org/10.1007/s00778-012-0297-3},
 doi = {10.1007/s00778-012-0297-3},
 acmid = {2504726},
 publisher = {Springer-Verlag New York, Inc.},
 address = {Secaucus, NJ, USA},
 keywords = {Continuous queries, Data streams, Semantic heterogeneity, Stream processing engines}
} 


@inproceedings{Law:2004,
 author = {Law, Yan-Nei and Wang, Haixun and Zaniolo, Carlo},
 title = {Query Languages and Data Models for Database Sequences and Data Streams},
 booktitle = {Proceedings of the Thirtieth International Conference on Very Large Data Bases - Volume 30},
 series = {VLDB '04},
 year = {2004},
 isbn = {0-12-088469-0},
 location = {Toronto, Canada},
 pages = {492--503},
 numpages = {12},
 url = {http://dl.acm.org/citation.cfm?id=1316689.1316733},
 acmid = {1316733},
 publisher = {VLDB Endowment}
} 

@book{Mikito:2014,
author = "Mikito Takada",
title = {Time and order},
booktitle = {Distributed Systems For Fun and Profit}, 
howpublished = {\url{http://book.mixu.net/distsys/index.html}},
url = {http://book.mixu.net/distsys/index.html},
year = {2013}
}

@book{Martin:2014,
 author = {Martin Kleppmann},
 title = {Designing Data-Intensive Applications},
 year = {2014},
 month = {11},
 isbn = {978-1-4919-0309-4},
 publisher = {O'Reilly Media},
 address = {Sebastopol, CA, USA}
} 

@article{Terry:1992,
 author = {Terry, Douglas and Goldberg, David and Nichols, David and Oki, Brian},
 title = {Continuous Queries over Append-only Databases},
 journal = {SIGMOD Rec.},
 issue_date = {June 1, 1992},
 volume = {21},
 number = {2},
 month = jun,
 year = {1992},
 issn = {0163-5808},
 pages = {321--330},
 numpages = {10},
 url = {http://doi.acm.org/10.1145/141484.130333},
 doi = {10.1145/141484.130333},
 acmid = {130333},
 publisher = {ACM},
 address = {New York, NY, USA}
} 



@article{Jain:2008,
 author = {Jain, Namit and Mishra, Shailendra and Srinivasan, Anand and Gehrke, Johannes and Widom, Jennifer and Balakrishnan, Hari and \c{C}etintemel, U\v{g}ur and Cherniack, Mitch and Tibbetts, Richard and Zdonik, Stan},
 title = {Towards a Streaming SQL Standard},
 journal = {Proc. VLDB Endow.},
 issue_date = {August 2008},
 volume = {1},
 number = {2},
 month = aug,
 year = {2008},
 issn = {2150-8097},
 pages = {1379--1390},
 numpages = {12},
 url = {http://dx.doi.org/10.14778/1454159.1454179},
 doi = {10.14778/1454159.1454179},
 acmid = {1454179},
 publisher = {VLDB Endowment}
} 

@article{Henrique:2013,
 author = {Henrique Andrade, Bugra Gedik, and Deepak Turaga},
 title = {Stream Processing in Action},
 publisher = {Unpublished Report},
 year = {2013}
} 




@book{Henrique:2014,
author = "Henrique C. M. Andrade and Bugra Gedik and Deepak S. Turaga",
title = {Fundamentals of Stream Processing}, 
publisher = {Cambridge University Press}, 
year = {2014},
isbn = {9781139058940}, 
note = {Cambridge Books Online}, 
url = {http://dx.doi.org/10.1017/CBO9781139058940}
}



@article{Botan:2010,
 author = {Botan, Irina and Derakhshan, Roozbeh and Dindar, Nihal and Haas, Laura and Miller, Ren{\'e}e J. and Tatbul, Nesime},
 title = {SECRET: A Model for Analysis of the Execution Semantics of Stream Processing Systems},
 journal = {Proc. VLDB Endow.},
 issue_date = {September 2010},
 volume = {3},
 number = {1-2},
 year = {2010},
 issn = {2150-8097},
 pages = {232--243},
 numpages = {12},
 url = {http://dx.doi.org/10.14778/1920841.1920874},
 doi = {10.14778/1920841.1920874},
 acmid = {1920874},
 publisher = {VLDB Endowment}
} 

@inproceedings{Petit:2012,
 author = {Petit, Lo\"{\i}c and Labb{\'e}, Cyril and Roncancio, Claudia Lucia},
 title = {Revisiting Formal Ordering in Data Stream Querying},
 booktitle = {Proceedings of the 27th Annual ACM Symposium on Applied Computing},
 series = {SAC '12},
 year = {2012},
 isbn = {978-1-4503-0857-1},
 location = {Trento, Italy},
 pages = {813--818},
 numpages = {6},
 url = {http://doi.acm.org/10.1145/2245276.2245434},
 doi = {10.1145/2245276.2245434},
 acmid = {2245434},
 publisher = {ACM},
 address = {New York, NY, USA},
 keywords = {algebra, data stream, order, positional, temporal}
} 




@inproceedings{Petit:2010,
 author = {Petit, Lo\"{\i}c and Labb{\'e}, Cyril and Roncancio, Claudia Lucia},
 title = {An Algebric Window Model for Data Stream Management},
 booktitle = {Proceedings of the Ninth ACM International Workshop on Data Engineering for Wireless and Mobile Access},
 series = {MobiDE '10},
 year = {2010},
 isbn = {978-1-4503-0151-0},
 location = {Indianapolis, Indiana},
 pages = {17--24},
 numpages = {8},
 url = {http://doi.acm.org/10.1145/1850822.1850826},
 doi = {10.1145/1850822.1850826},
 acmid = {1850826},
 publisher = {ACM},
 address = {New York, NY, USA},
 keywords = {algebra, data stream, optimisation, transposition, window}
} 

@online{StreamBaseTut,
title = {StreamSQL Tutorial},
year = 2013,
url={http://www.streambase.com/developers/docs/latest/streamsql/usingstreamsql.html/},
note = {\url{http://www.streambase.com/developers/docs/latest/streamsql/usingstreamsql.html} Accessed May 10, 2015},
year={}
}

@online{Ronnie:2015,
  author = {Ronnie Beggs},
  title = {5 reasons why Spark Streaming’s batch processing of data streams is not stream processing},
  year = 2015,
  url = {http://www.sqlstream.com/blog/2015/03/5-reasons-why-spark-streamings-batch-processing-of-data-streams-is-not-stream-processing/},
  note = {\url{http://www.sqlstream.com/blog/2015/03/5-reasons-why-spark-streamings-batch-processing-of-data-streams-is-not-stream-processing/} Accessed May 10, 2015}
}

@online{Paul:2014,
  author = {Paul Vincent},
  title = {CEP Tooling Market Survey 2014},
  year = 2014,
  url = {http://www.complexevents.com/2014/12/03/cep-tooling-market-survey-2014/},
  note = {\url{http://www.complexevents.com/2014/12/03/cep-tooling-market-survey-2014/} Accessed May 1, 2015}
}


@incollection{Cherniack:2009,
year={2009},
isbn={978-0-387-35544-3},
booktitle={Encyclopedia of Database Systems},
editor={LIU, LING and ÖZSU, M.TAMER},
doi={10.1007/978-0-387-39940-9_368},
title={Stream-Oriented Query Languages and Operators},
url={http://dx.doi.org/10.1007/978-0-387-39940-9_368},
publisher={Springer US},
author={Cherniack, Mitch and Zdonik, Stan},
pages={2848-2854},
language={English}
}


@book{Simovici:2008,
 author = {Simovici, Dan A. and Djeraba, Chabane},
 title = {Mathematical Tools for Data Mining: Set Theory, Partial Orders, Combinatorics},
 year = {2008},
 isbn = {1848002009, 9781848002005},
 edition = {1},
 publisher = {Springer Publishing Company, Incorporated}
} 


@misc{SmartVotex:2011,
  author = {Tore Risch, Robert Kajic, Erik Zeitler, John Lindstroom, Mathias Johansson, Hans-Ulrich Heidbrink},
  title =        {Query language survey and selection criteria},
  howpublished = {},
  day =       30,
  month =     {September},
  year =         2011,
  note =         {Large Scale Integrating Project, Grant Agreement no.: 257899, Seventh Framework Programme},
  url = {http://cordis.europa.eu/docs/projects/cnect/9/257899/080/deliverables/001-SMARTVORTEXD32Querylanguagesurveyandselectioncriteria.pdf}
}


@book{Luckham:2001,
 author = {Luckham, David C.},
 title = {The  Power of Events: An Introduction to Complex Event Processing in Distributed Enterprise Systems},
 year = {2001},
 isbn = {0201727897},
 publisher = {Addison-Wesley Longman Publishing Co., Inc.},
 address = {Boston, MA, USA},
} 

















































@misc{cve-2008-1368,
  key =          {CVE-2008-1368},
  title =        {Publication quality tables in \LaTeX*},
  howpublished = {},
  institution  = {NIST},
  day =       17,
  month =     {March},
  year =         2008,
  note =         {[online] \url{http://nvd.nist.gov/nvd.cfm?cvename=CVE-2008-1368}},
  url = {http://nvd.nist.gov/nvd.cfm?cvename=CVE-2008-1368}
}

@MISC{prime-number-theorem,
   author = "Charles Louis Xavier Joseph de la Vall{\'e}e Poussin",
   note = "A strong form of the prime number theorem, 19th century" }

% ------------------------------------------------------------------------

@BOOK{texbook,
   author = "Donald E. Knuth",
   title= "The {{\TeX}book}",
   publisher = "Addison-Wesley",
   year = 1984 }

@BOOK{latex,
   author = "Leslie Lamport",
   title = "{\LaTeX:} {A} Document Preparation System",
   publisher = "Addison-Wesley",
   year = 1986 }

% ------------------------------------------------------------------------
@article{Ancey1996,
author = {Ancey, Christophe and Coussot, Philippe and Evesque, Pierre},
journal = {Mechanics of Cohesive-frictional Materials},
number = {4},
pages = {385--403},
title = {Examination of the possibility of a fluid-mechanics treatment of dense granular flows},
url = {http://doi.wiley.com/10.1002/(SICI)1099-1484(199610)1:4<385::AID-CFM20>3.0.CO;2-0},
volume = {1},
year = {1996}
}

@BOOK{RR73,
 author={H. Radjavi and P. Rosenthal},
 title={Invariant {Subspaces}},
 publisher={Springer-Verlag},
 address={New York},
 year={1973},
}

@BOOK{Aup91,
 author={B. Aupetit},
 title={A {Primer} on {Spectral} {Theory}},
 publisher={Springer-Verlag},
 address={New York},
 year={1991},
}

@BOOK{Dou72,
 author={R. G. Douglas},
 title={Banach {Algebra} {Techniques} in {Operator} {Theory}},
 publisher={Academic Press},
 address={New York},
 year={1972},
}

@BOOK{Hal82,
 author={P. R. Halmos},
 title={A {Hilbert} {Space} {Problem} {Book}},
 edition={Second},
 publisher={Springer-Verlag},
 address={New York},
 year={1982},
}

@BOOK{Rud73,
 author={W. Rudin},
 title={Functional {Analysis}},
 publisher={McGraw-Hill},
 address={New York},
 year={1973},
}

@BOOK{Con90,
 author={J. B. Conway},
 title={A {Course} in {Functional} {Analysis}},
 edition={Second},
 publisher={Springer-Verlag},
 address={New York},
 year={1990},
}

@BOOK{Con78,
 author={J. B. Conway},
 title={Functions of {One} {Complex} {Variable}},
 publisher={Springer-Verlag},
 address={New York},
 year={1978},
}

@BOOK{KR83,
 author={R. V. Kadison and J. R. Ringrose},
 title={Fundamentals of the {Theory} of {Operator} {Algebras},
        {Part} {I}},
 publisher={Academic Press},
 address={New York},
 year={1983},
}

@BOOK{KR86,
 author={R. V. Kadison and J. R. Ringrose},
 title={Fundamentals of the {Theory} of {Operator} {Algebras},
        {Part} {II}},
 publisher={Academic Press},
 address={New York},
 year={1986},
}

@INBOOK{SFPT,
 author={N. Dunford and J. T. Schwartz},
 title={Linear {Operators},
        {Part} {I}: {General} {Theory}},
 pages={456},
 publisher={Interscience},
 address={New York},
 year={1957},
}

@BOOK{DS57,
 author={N. Dunford and J. T. Schwartz},
 title={Linear {Operators},
        {Part} {I}: {General} {Theory}},
 publisher={Interscience},
 address={New York},
 year={1957},
}

@BOOK{Gan59,
 author={F. R. Gantmacher},
 title={Applications of the {Theory} of {Matrices}},
 publisher={Interscience},
 address={New York},
 year={1959},
}

@BOOK{Pau86,
 author={Vern I. Paulsen},
 title={Completely bounded maps and dilations},
 series={Pitman Research Notes in Mathematics Series},
 volume={146},
 publisher={Longman Scientific \& Technical},
 address={Harlow UK},
 year={1986},
}

@BOOK{Dav88,
 author={Kenneth R. Davidson},
 title={Nest algebras},
 series={Pitman Research Notes in Mathematics Series},
 volume={191},
 publisher={Longman Scientific \& Technical},
 address={Harlow UK},
 year={1988},
}

@BOOK{Spi65,
 author={Michael Spivak},
 title={Calculus on {Manifolds}},
 publisher={The Benjamin/Cummings Publishing Company},
 address={New York},
 year={1965},
}

@BOOK{Dev68,
 author={Allen Devinaz},
 title={Advanced {Calculus}},
 publisher={Holt, Rinehart and Winston},
 address={New York},
 year={1968},
}

@BOOK{Gam90,
 editor={R. V. Gamkerlidze},
 title={Analysis {I}{I}: {Convex} {Analysis} and
        {Approximation} {Theory}},
 series={Encyclopaedia of Mathematical Sciences},
 volume={14},
 publisher={Springer-Verlag},
 address={New York},
 year={1990},
}

@BOOK{Hen93,
 author={Peter Henderson},
 title={Object-oriented specification and design with {C}$++$},
 publisher={McGraw-Hill},
 address={London},
 year={1993},
}

% ------------------------------------------------------------------------

@ARTICLE{Rea85,
 author={C. J. Read},
 title={A solution to the invariant subspace problem on the space $l_1$},
 journal={Bull. London Math. Soc.},
 volume={17},
 year={1985},
 pages={305-317},
}

@ARTICLE{Enf87,
 author={P. Enflo},
 title={On the invariant subspaces problem for {Banach} spaces},
 journal={Acta. Math.},
 note={Seminare Maurey-Schwartz (1975-1976)},
 volume={158},
 year={1987},
 pages={213-313},
}

@ARTICLE{Dau75,
 author={J. Daughtry},
 title={An invariant subspace theorem},
 journal={Proc. Amer. Math. Soc.},
 volume={49},
 year={1975},
 pages={267-268},
}

@ARTICLE{KPS75,
 author={H. W. Kim and C. Pearcy and A. L. Shields},
 title={Rank-One Commutators and Hyperinvariant Subspaces},
 journal={Michigan Math. J.},
 volume={22},
 number={3},
 year={1975},
 pages={193-194},
}

% --------------------------------------------------------------------------

@ARTICLE{Rad87,
 author={H. Radjavi},
 title={The {Engel}-{Jacobson} {Theorem} {Revisited}},
 journal={J. Alg.},
 volume={111},
 year={1987},
 pages={427-430},
}

@ARTICLE{MOR91,
 author={B. Mathes and M. Omladi\v{c} and H. Radjavi},
 title={Linear {Spaces} of {Nilpotent} {Operators}},
 journal={Linear Algebra Appl.},
 volume={149},
 year={1991},
 pages={215-225},
}

@ARTICLE{Lom73,
 author={V. I. Lomonosov},
 title={Invariant subspaces for operators commuting with compact
        operators},
 journal={Functional Anal. Appl.},
 volume=7,
 year=1973,
 pages="213-214",
}

@ARTICLE{Lom91,
 author={V. I. Lomonosov},
 title={An extension of {Burnside}'s theorem to infinite
        dimensional spaces},
 journal={Israel J. Math},
 volume=75,
 year=1991,
 pages="329-339",
}

@ARTICLE{Lom92,
 author={V. I. Lomonosov},
 title={On {Real} {Invariant} {Subspaces} of {Bounded} {Operators} with
       {Compact} {Imaginary} {Part}},
 journal={Proc. Amer. Math. Soc.},
 volume=115,
 number=3,
 month=jul,
 year=1992,
 pages="775-777",
}

@ARTICLE{dB59,
 author={L. de Branges},
 title={The {Stone}-{Weierstrass} {Theorem}},
 journal={Proc. Amer. Math. Soc.},
 volume=10,
 year=1959,
 pages="822-824",
}

@ARTICLE{dB93,
 author={L. de Branges},
 title={A construction of invariant subspaces},
 journal={Math. Nachr.},
 volume=163,
 year=1993,
 pages="163-175",
}

@ARTICLE{AAB95,
 author={Y. A. Abramovich and C. D. Aliprantis and O. Burkinshaw},
 title={Another Characterization of the Invariant Subspace Problem},
 journal={Operator Theory in Function Spaces and Banach Lattices.
          {\em The A.C.\,Zaanen Anniversary Volume},
          Operator Theory: Advances and Applications},
 volume={75},
 year={1995},
 pages={15-31},
 note={Birkh\"auser Verlag},
}

@ARTICLE{LM65,
 author={Ju. I. Ljubi\v{c} and V. I. Macaev},
 title={On Operators with a Separable Spectrum},
 journal={Amer. Math. Soc. Transl. (2)},
 volume={47},
 year={1965},
 pages={89-129},
}

% ------------------------------------------------------------------------

@MASTERSTHESIS{Sim90,
 author={A. Simoni\v{c}},
 title={Grupe Operatorjev s Pozitivnim Spektrom},
 school={Univerza v Ljubljani, FNT, Oddelek za Matematiko},
 year={1990},
}

@UNPUBLISHED{Sim91,
 author={A. Simoni\v{c}},
 title={Notes on {Subharmonic} {Functions}},
 note={Lecture Notes, Dalhousie University,
       Department of Mathematics, Statistics, \& Computing Science},
 year={1991},
}

@ARTICLE{Sim92,
 author={A. Simoni\v{c}},
 title={Matrix {Groups} with {Positive} {Spectra}},
 journal={Linear Algebra Appl.},
 volume={173},
 year={1992},
 pages={57-76},
}

@PHDTHESIS{Sim94,
 author={A. Simoni\v{c}},
 title={An {Extension} of {Lomonosov's} {Techniques} to {Non}-{Compact}
       {Operators}},
 school={Dalhousie University,
         Department of Mathematics, Statistics, \& Computing Science},
 year={1994},
}

@ARTICLE{Sim96a,
 author={A. Simoni\v{c}},
 title={A {Construction} of {Lomonosov} {Functions} and
       {Applications} to the {Invariant} {Subspace} {Problem}},
 journal={Pacific J. Math.},
 volume={175},
 pages={257-270},
 year={1996},
}

@ARTICLE{Sim96b,
 author={A. Simoni\v{c}},
 title={An extension of {Lomonosov's} {Techniques} to non-compact
       {Operators}},
 journal={Trans. Amer. Math. Soc.},
 volume={348},
 pages={975-995},
 year={1996},
}

% ------------------------------------------------------------------------